@book{anleitung,
language = {Deutsch},
author = {},
title = {Versuch Nr. 500 - Der Photoeffekt},
shorttitle = {},
publisher = {},
adress = {},
year = {http://129.217.224.2/HOMEPAGE/Anleitung\_AP.html (13.01.13)}
edition = {}
}
@book{linreg,
language = {Englisch},
author = {John R. Taylor},
title = {An introduction to error analysis},
shorttitle = {},
publisher = {University Science Books},
adress = {Sausalito, CA},
year = {1997},
edition = {2}
}
@book{tafel,
language = {Deutsch},
author = {Dr. Rolf Winter},
title = {Das gro√üe Tafelwerk},
shorttitle = {},
publisher = {Cornelsen},
adress = {Berlin},
year = {2009}
edition = {1}
}
@book{codatar,
language = {},
author = {},
title = {CODATA Value: molar gas constant},
shorttitle = {},
publisher = {},
adress = {http://physics.nist.gov/cgi-bin/cuu/Value?r (14.12.2012)},
year = {}
edition = {}
}