@book{anleitung,
language = {Deutsch},
author = {},
title = {Versuch Nr. 402 - Dispersionsmessungen am Glasprisma},
shorttitle = {},
publisher = {},
adress = {},
year = {http://129.217.224.2/HOMEPAGE/Anleitung\_AP.html (12.12.2012)}
edition = {}
}
@book{linreg,
language = {Englisch},
author = {John R. Taylor},
title = {An introduction to error analysis},
shorttitle = {},
publisher = {University Science Books},
adress = {Sausalito, CA},
year = {1997},
edition = {2}
}
@book{tafel,
language = {Deutsch},
author = {Dr. Rolf Winter},
title = {Das große Tafelwerk},
shorttitle = {},
publisher = {Cornelsen},
adress = {Berlin},
year = {2009}
edition = {1}
}
@book{codatar,
language = {},
author = {},
title = {CODATA Value: molar gas constant},
shorttitle = {},
publisher = {},
adress = {},
year = {http://physics.nist.gov/cgi-bin/cuu/Value?r (14.12.2012)}
edition = {}
}
@book{link1,
language = {},
author = {},
title = {},
shorttitle = {},
publisher = {},
adress = {},
year = {http://www.enzyklo.de/Begriff/helium neon laser (04.01.2013)}
edition = {}
}
@book{link2,
language = {},
author = {},
title = {},
shorttitle = {},
publisher = {},
adress = {},
year = {http://www.ampelplanet.de/studium.htm (04.01.2013)}
edition = {}
}

